%valide
@INPROCEEDINGS{contention,
  author={Han, Xinlei and Schooley, Raymond and Mackenzie, Delvin and David, Olaf and Lloyd, Wes J.},
  booktitle={2020 IEEE International Conference on Cloud Engineering (IC2E)}, 
  title={Characterizing Public Cloud Resource Contention to Support Virtual Machine Co-residency Prediction}, 
  year={2020},
  volume={},
  number={},
  pages={162-172},
  keywords={Cloud computing;Benchmark testing;Servers;Hardware;Degradation;Virtual machine monitors;Virtualization;resource contention;multitenancy;resource management and performance;Infrastructure-as-a-Service;virtualization},
  doi={10.1109/IC2E48712.2020.00024}}

%valide 
@INPROCEEDINGS{SMT_Maximizing_on_chip_parallelism,
  author={Tullsen, D.M. and Eggers, S.J. and Levy, H.M.},
  booktitle={Proceedings 22nd Annual International Symposium on Computer Architecture}, 
  title={Simultaneous multithreading: Maximizing on-chip parallelism}, 
  year={1995},
  volume={},
  number={},
  pages={392-403},
  keywords={Multithreading;Yarn;Samarium;Parallel processing;Modems;Permission;Delay;Switches;Computer science;Throughput},
  doi={}}

%valide 
@online{SMT_under_the_hood,
  author    = {Abhinav Upadhyay},
  title     = {Two Threads, One Core: How Simultaneous Multithreading Works Under the Hood},
  year      = {2024},
  url       = {https://blog.codingconfessions.com/p/simultaneous-multithreading},
  note      = {Accessed: 2025-07-19},
  journal   = {Confessions of a Code Addict (Coding Confessions)}
}

%valide
@INPROCEEDINGS{SMT_modeling_resource_contention,
  author={Moseley, T. and Kihm, J.L. and Connors, D.A. and Grunwald, D.},
  booktitle={2005 International Conference on Computer Design}, 
  title={Methods for modeling resource contention on simultaneous multithreading processors}, 
  year={2005},
  volume={},
  number={},
  pages={373-380},
  keywords={Multithreading;Processor scheduling;Yarn;Surface-mount technology;Throughput;Operating systems;Counting circuits;Bandwidth;Hardware;Linear regression},
  doi={10.1109/ICCD.2005.74}}

%valide
@misc{graviton,
  title        = {AWS Graviton Performance Testing: Tips for Independent Software Vendors},
  author       = {Amazon Web Services},
  year         = {2021},
  howpublished = {\url{https://docs.aws.amazon.com/pdfs/whitepapers/latest/aws-graviton-performance-testing/aws-graviton-performance-testing.pdf}},
  note         = {Accessed: 2025-07-19}
}

@misc{gentoo_sysbench,
  author       = {{Gentoo Wiki contributors}},
  title        = {Sysbench},
  howpublished = {\url{https://wiki.gentoo.org/wiki/Sysbench}},
  note         = {Accessed: 2025-05-25}
}

@misc{aws_m5_instances,
  author       = {{Amazon Web Services}},
  title        = {Amazon EC2 M5 Instances},
  year         = {2024},
  url          = {https://aws.amazon.com/ec2/instance-types/m5/},
  note         = {Accessed: 2025-06-12}
}

@misc{awsEC2GP2025,
  author       = {{Amazon Web Services}},
  title        = {{Amazon EC2 Instance Types - General Purpose Instances}},
  year         = {2025},
  howpublished = {\url{https://docs.aws.amazon.com/ec2/latest/instancetypes/gp.html}},
  note         = {Accessed: 2025-06-20}
}

@misc{distex,
  author       = {de Wit, Ewald},
  title        = {{erdewit/distex: Distributed process pool for Python}},
  year         = {2024},
  howpublished = {\url{https://github.com/erdewit/distex}},
  note         = {GitHub repository, accessed 2025-06-01}
}

@misc{iperf,
  author       = {{iPerf Project}},
  title        = {{iPerf â€“ The TCP, UDP and SCTP Network Bandwidth Measurement Tool}},
  howpublished = {\url{https://iperf.fr/}},
  note         = {Accessed: 2025-06-01}
}

@misc{sysbench,
  author       = {Alexey Kopytov},
  title        = {sysbench: Scriptable database and system performance benchmark},
  howpublished = {\url{https://github.com/akopytov/sysbench}},
  note         = {Accessed: 2025-05-23},
  license      = {GPL-2.0}
}